<collection xmlns="http://www.loc.gov/MARC21/slim">
   <record>
      <leader>02382cam a2200481 i 45 0</leader>
      <controlfield tag="001">6752741</controlfield>
      <controlfield tag="003">OCoLC</controlfield>
      <controlfield tag="005">20150318131438.0</controlfield>
      <controlfield tag="008">140523s2015    mau      b    001 0 eng  </controlfield>
      <datafield ind1=" " ind2=" " tag="010">
         <subfield code="a">  2014019585</subfield>
      </datafield>
      <datafield ind1=" " ind2=" " tag="020">
         <subfield code="a">9780262028448 (hardcover : alk. paper)</subfield>
      </datafield>
      <datafield ind1=" " ind2=" " tag="020">
         <subfield code="a">0262028441 (hardcover : alk. paper)</subfield>
      </datafield>
      <datafield ind1=" " ind2=" " tag="035">
         <subfield code="a">ocn880831228</subfield>
      </datafield>
      <datafield ind1=" " ind2=" " tag="040">
         <subfield code="a">DLC</subfield>
         <subfield code="b">eng</subfield>
         <subfield code="e">rda</subfield>
         <subfield code="c">DLC</subfield>
         <subfield code="d">BDX</subfield>
         <subfield code="d">CDX</subfield>
         <subfield code="d">AFMK</subfield>
      </datafield>
      <datafield ind1="1" ind2=" " tag="041">
         <subfield code="a">eng</subfield>
         <subfield code="h">ger</subfield>
      </datafield>
      <datafield ind1=" " ind2=" " tag="042">
         <subfield code="a">pcc</subfield>
      </datafield>
      <datafield ind1="0" ind2="0" tag="050">
         <subfield code="a">HN25</subfield>
         <subfield code="b">.W4313 2015</subfield>
      </datafield>
      <datafield ind1="0" ind2="0" tag="082">
         <subfield code="a">306</subfield>
         <subfield code="2">23</subfield>
      </datafield>
      <datafield ind1=" " ind2=" " tag="090">
         <subfield code="a">HN 25 W4313 2015</subfield>
         <subfield code="b">ARDC</subfield>
      </datafield>
      <datafield ind1=" " ind2=" " tag="090">
         <subfield code="a">HN 25 W4313 2015</subfield>
         <subfield code="b">AFMK</subfield>
      </datafield>
      <datafield ind1="1" ind2=" " tag="100">
         <subfield code="a">Weimann, Joachim,</subfield>
         <subfield code="d">1956-</subfield>
         <subfield code="0">http://id.loc.gov/authorities/names/n90700076</subfield>
         <subfield code="0">http://viaf.org/viaf/42722273</subfield>
      </datafield>
      <datafield ind1="1" ind2="0" tag="240">
         <subfield code="a">Geld macht doch glücklich.</subfield>
         <subfield code="l">English</subfield>
      </datafield>
      <datafield ind1="1" ind2="0" tag="245">
         <subfield code="a">Measuring happiness :</subfield>
         <subfield code="b">the economics of well-being /</subfield>
         <subfield code="c">Joachim Weimann, Andreas Knabe, and Ronnie Schöb.</subfield>
      </datafield>
      <datafield ind1=" " ind2="1" tag="264">
         <subfield code="a">Cambridge, Massachusetts :</subfield>
         <subfield code="b">MIT Press,</subfield>
         <subfield code="c">[2015]</subfield>
      </datafield>
      <datafield ind1=" " ind2="4" tag="264">
         <subfield code="c">©2015</subfield>
      </datafield>
      <datafield ind1=" " ind2=" " tag="300">
         <subfield code="a">x, 212 pages :</subfield>
         <subfield code="b">illustrations, charts, graphs ;</subfield>
         <subfield code="c">24 cm</subfield>
      </datafield>
      <datafield ind1=" " ind2=" " tag="336">
         <subfield code="a">text</subfield>
         <subfield code="b">txt</subfield>
         <subfield code="2">rdacontent</subfield>
         <subfield code="0">http://id.loc.gov/vocabulary/contentTypes/txt</subfield>
      </datafield>
      <datafield ind1=" " ind2=" " tag="337">
         <subfield code="a">unmediated</subfield>
         <subfield code="b">n</subfield>
         <subfield code="2">rdamedia</subfield>
         <subfield code="0">http://id.loc.gov/vocabulary/mediaTypes/n</subfield>
      </datafield>
      <datafield ind1=" " ind2=" " tag="338">
         <subfield code="a">volume</subfield>
         <subfield code="b">nc</subfield>
         <subfield code="2">rdacarrier</subfield>
         <subfield code="0">http://id.loc.gov/vocabulary/carriers/nc</subfield>
      </datafield>
      <datafield ind1=" " ind2=" " tag="504">
         <subfield code="a">Includes bibliographical references and index.</subfield>
      </datafield>
      <datafield ind1=" " ind2=" " tag="596">
         <subfield code="a">8 35</subfield>
      </datafield>
      <datafield ind1=" " ind2="0" tag="650">
         <subfield code="a">Quality of life</subfield>
         <subfield code="x">Economic aspects.</subfield>
      </datafield>
      <datafield ind1=" " ind2="0" tag="650">
         <subfield code="a">Well-being</subfield>
         <subfield code="x">Economic aspects.</subfield>
      </datafield>
      <datafield ind1=" " ind2="0" tag="650">
         <subfield code="a">Happiness</subfield>
         <subfield code="x">Economic aspects.</subfield>
      </datafield>
      <datafield ind1=" " ind2="0" tag="650">
         <subfield code="a">Money</subfield>
         <subfield code="x">Psychological aspects.</subfield>
         <subfield code="0">http://id.loc.gov/authorities/subjects/sh2008107926</subfield>
      </datafield>
      <datafield ind1=" " ind2="0" tag="650">
         <subfield code="a">Wealth</subfield>
         <subfield code="x">Psychological aspects.</subfield>
         <subfield code="0">http://id.loc.gov/authorities/subjects/sh2010118424</subfield>
      </datafield>
      <datafield ind1=" " ind2="0" tag="650">
         <subfield code="a">Economics</subfield>
         <subfield code="x">Psychological aspects.</subfield>
         <subfield code="0">http://id.loc.gov/authorities/subjects/sh85040859</subfield>
      </datafield>
      <datafield ind1="1" ind2=" " tag="700">
         <subfield code="a">Knabe, Andreas.</subfield>
         <subfield code="0">http://id.loc.gov/authorities/names/n2014029468</subfield>
         <subfield code="0">http://viaf.org/viaf/88248113</subfield>
      </datafield>
      <datafield ind1="1" ind2=" " tag="700">
         <subfield code="a">Schöb, Ronnie.</subfield>
         <subfield code="0">http://id.loc.gov/authorities/names/n96062014</subfield>
      </datafield>
      <datafield ind1=" " ind2=" " tag="758">
         <subfield code="0">http://worldcat.org/entity/work/id/3374933211</subfield>
      </datafield>
      <datafield ind1="0" ind2=" " tag="787">
         <subfield code="n">OCLC Work Id</subfield>
         <subfield code="o">http://worldcat.org/entity/work/id/3374933211</subfield>
      </datafield>
      <datafield ind1=" " ind2=" " tag="926">
         <subfield code="a">HN 25 W4313 2015</subfield>
         <subfield code="w">LC</subfield>
         <subfield code="c">1</subfield>
         <subfield code="i">34917001374045</subfield>
         <subfield code="d">10/26/2016</subfield>
         <subfield code="e">4/28/2015</subfield>
         <subfield code="l">ON_SHELF</subfield>
         <subfield code="m">KEYANO</subfield>
         <subfield code="n">3</subfield>
         <subfield code="p">$25.99</subfield>
         <subfield code="q">1</subfield>
         <subfield code="r">Y</subfield>
         <subfield code="s">Y</subfield>
         <subfield code="t">BOOK</subfield>
         <subfield code="u">12/3/2014</subfield>
         <subfield code="o">.STAFF. Rec'd Mar/15 MW</subfield>
      </datafield>
      <datafield ind1=" " ind2=" " tag="926">
         <subfield code="a">HN 25 W4313 2015</subfield>
         <subfield code="w">LC</subfield>
         <subfield code="c">1</subfield>
         <subfield code="i">30125302480164</subfield>
         <subfield code="d">11/29/2016</subfield>
         <subfield code="e">11/17/2016</subfield>
         <subfield code="l">FLOOR_2</subfield>
         <subfield code="m">RED_DEER_C</subfield>
         <subfield code="n">2</subfield>
         <subfield code="r">Y</subfield>
         <subfield code="s">Y</subfield>
         <subfield code="t">BOOK</subfield>
         <subfield code="u">3/7/2016</subfield>
      </datafield>
   </record>
</collection>
